@misc{ContextActionBar,
	title = {Contextual Action Bars},
	author = {Google Design Guidelines},
	note = {\url{http://developer.android.com/design/index.html}}
}

@misc{Dialogs,
	title = {Dialogs},
	author = {Google Design Guidelines},
	note = {\url{http://developer.android.com/design/building-blocks/dialogs.html}}
}

@misc{Icons,
	title = {Action Bar Icons},
	author = {Google Design Guidelines},
	note = {\url{https://developer.android.com/design/downloads/index.html#action-bar-icon-pack}}
}

@misc{Principles,
	title = {Android Design Principles},
	author = {Google Design Guidelines},
	note = {\url{http://developer.android.com/design/get-started/principles.html}}
}

@misc{HorizontalPaging,
	title = {Horizontal Paging},
	author = {Google Developer Guide},
	note = {\url{http://developer.android.com/training/design-navigation/descendant-lateral.html#paging}}
}